<record><leader>00000cas a22000007a 4500</leader><controlfield tag="001">16317395</controlfield><controlfield tag="008">870730d19uu1965pauwr ne      0    0eng d</controlfield><datafield ind1=" " ind2=" " tag="010"><subfield code="a">sn 87078250 </subfield></datafield><datafield ind1=" " ind2=" " tag="040"><subfield code="a">NPH</subfield><subfield code="b">eng</subfield><subfield code="c">NPH</subfield><subfield code="d">NSD</subfield><subfield code="d">OCLCQ</subfield></datafield><datafield ind1=" " ind2=" " tag="042"><subfield code="a">msc</subfield></datafield><datafield ind1="0" ind2="4" tag="245"><subfield code="a">The Shopper's guide and news.</subfield></datafield><datafield ind1=" " ind2=" " tag="260"><subfield code="a">Moscow, Pa. :</subfield><subfield code="b">Charlotte R. Kennedy,</subfield><subfield code="c">-1965.</subfield></datafield><datafield ind1=" " ind2=" " tag="300"><subfield code="a">v. :</subfield><subfield code="b">ill. ;</subfield><subfield code="c">30 cm.</subfield></datafield><datafield ind1=" " ind2=" " tag="310"><subfield code="a">Weekly</subfield></datafield><datafield ind1="0" ind2=" " tag="362"><subfield code="a">-v. 11, no. 5 (July 29, 1965).</subfield></datafield><datafield ind1=" " ind2=" " tag="588"><subfield code="a">Description based on: Vol. 7, no. 13 (Nov. 23, 1961).</subfield></datafield><datafield ind1=" " ind2=" " tag="752"><subfield code="a">United States</subfield><subfield code="b">Pennsylvania</subfield><subfield code="c">Lackawanna</subfield><subfield code="d">Moscow.</subfield></datafield><datafield ind1="0" ind2="0" tag="785"><subfield code="t">Villager (Moscow, Pa.)</subfield><subfield code="x">1082-152X</subfield><subfield code="w">(DLC)sn 87078249</subfield></datafield></record>